@article{baker,
  title={The multinomial-Poisson transformation},
  author={Baker, Stuart G},
  journal={The Statistician},
  pages={495--504},
  year={1994},
  publisher={JSTOR}
}


@article{inla,
  title={Approximate Bayesian inference for latent Gaussian models by using integrated nested Laplace approximations},
  author={Rue, H{\aa}vard and Martino, Sara and Chopin, Nicolas},
  journal={Journal of the royal statistical society: Series b (statistical methodology)},
  volume={71},
  number={2},
  pages={319--392},
  year={2009},
  publisher={Wiley Online Library}
}


@article{marta,
  author =	 {M. Blangiardo and M. Cameletti and G. Baio and H. Rue},
  title =	 {Spatial and Spatio-temporal models with {R-INLA}},
  journal =	 {Spatial and Spatio-Temporal Epidemiology},
  keywords =	 {year2013,my.own,my.cv},
  year =	 2013,
  volume =	 3,
  number =	 {December},
  pages =	 {39--55}
}

@article{thiago,
  author =	 {T. G. Martins and D. Simpson and F. Lindgren and H. Rue},
  title =	 {Bayesian computing with {INLA}: {N}ew features},
  journal =	 CSDA,
  keywords =	 {year2013,my.own,my.cv},
  year =	 2013,
  volume =	 67,
  pages =	 {68--83}
}

@article{egil,
  author = 	 {E. Ferkingstad and H. Rue},
  title =	 {Improving the {INLA} approach for approximate
                  {B}ayesian inference for latent {G}aussian models},
  journal = 	 {Electronic Journal of Statistics},
  keywords =     {year2015,my.own,my.cv},                  
  year = 	 2015,
  volume = 	 9,
  doi =          {10.1214/15-EJS1092},                  
  pages = 	 {2706--2731}}

@misc{sara2019,
    title={Integrated Nested Laplace Approximations (INLA)},
    author={Sara Martino and Andrea Riebler},
    year={2019},
    eprint={1907.01248},
    archivePrefix={arXiv},
    primaryClass={stat.CO}
}





